../research/papers/bibliographies/Papers-Research Interests.bib